<?xml version="1.0" encoding="UTF-8"?>
<record>
  <leader>01709nam#a2200433#c#4500</leader>
  <controlfield tag="005">20210409090326.0</controlfield>
  <controlfield tag="007">tu</controlfield>
  <controlfield tag="008">140616|2014####gw############|1|#|#ger#c</controlfield>
  <controlfield tag="003">DE-605</controlfield>
  <controlfield tag="001">990204246530206441</controlfield>
  <datafield tag="016" ind1="7" ind2=" ">
    <subfield code="a">881390203</subfield>
    <subfield code="2">OCoLC</subfield>
  </datafield>
  <datafield tag="020" ind1=" " ind2=" ">
    <subfield code="a">9783943539233</subfield>
    <subfield code="c">Gb. : EUR 29.95 (DE), EUR 30.80 (AT), sfr 40.90 (freier Pr.)</subfield>
    <subfield code="9">978-3-943539-23-3</subfield>
  </datafield>
  <datafield tag="035" ind1=" " ind2=" ">
    <subfield code="a">(DE-605)HT018295975</subfield>
  </datafield>
  <datafield tag="040" ind1=" " ind2=" ">
    <subfield code="a">6</subfield>
    <subfield code="b">ger</subfield>
    <subfield code="d">929</subfield>
    <subfield code="e">rakddb</subfield>
  </datafield>
  <datafield tag="041" ind1=" " ind2=" ">
    <subfield code="a">ger</subfield>
  </datafield>
  <datafield tag="044" ind1=" " ind2=" ">
    <subfield code="c">XA-DE-SN</subfield>
  </datafield>
  <datafield tag="084" ind1=" " ind2=" ">
    <subfield code="a">330</subfield>
    <subfield code="2">rpb</subfield>
  </datafield>
  <datafield tag="084" ind1=" " ind2=" ">
    <subfield code="a">560</subfield>
    <subfield code="2">rpb</subfield>
  </datafield>
  <datafield tag="084" ind1=" " ind2=" ">
    <subfield code="a">130</subfield>
    <subfield code="2">rpb</subfield>
  </datafield>
  <datafield tag="084" ind1=" " ind2=" ">
    <subfield code="a">900</subfield>
    <subfield code="q">DE-101</subfield>
    <subfield code="2">sdnb</subfield>
  </datafield>
  <datafield tag="245" ind1="0" ind2="0">
    <subfield code="a">Thüringische und rheinische Forschungen</subfield>
    <subfield code="b">Bonn - Koblenz - Weimar - Meiningen ; Festschrift für Johannes Mötsch zum 65. Geburtstag</subfield>
    <subfield code="c">hrsg. von Norbert Moczarski ...</subfield>
  </datafield>
  <datafield tag="250" ind1=" " ind2=" ">
    <subfield code="a">1. Aufl.</subfield>
  </datafield>
  <datafield tag="264" ind1=" " ind2="1">
    <subfield code="a">Leipzig [u.a.]</subfield>
    <subfield code="b">Salier</subfield>
    <subfield code="c">2014</subfield>
  </datafield>
  <datafield tag="300" ind1=" " ind2=" ">
    <subfield code="a">596 S. : Ill.</subfield>
  </datafield>
  <datafield tag="655" ind1=" " ind2="7">
    <subfield code="a">Bibliografie</subfield>
    <subfield code="0">(DE-588)4006432-3</subfield>
    <subfield code="2">gnd-content</subfield>
  </datafield>
  <datafield tag="655" ind1=" " ind2="7">
    <subfield code="a">Aufsatzsammlung</subfield>
    <subfield code="0">(DE-588)4143413-4</subfield>
    <subfield code="2">gnd-content</subfield>
  </datafield>
  <datafield tag="689" ind1="0" ind2="0">
    <subfield code="a">Mötsch, Johannes</subfield>
    <subfield code="d">1949-</subfield>
    <subfield code="D">p</subfield>
    <subfield code="0">(DE-588)12174793X</subfield>
    <subfield code="0">https://portal.dnb.de/opac.htm?method=simpleSearch&amp;cqlMode=true&amp;query=idn=12174793X</subfield>
    <subfield code="0">http://viaf.org/viaf/sourceID/DNB|12174793X</subfield>
    <subfield code="B">GND-12174793X</subfield>
  </datafield>
  <datafield tag="689" ind1="1" ind2="0">
    <subfield code="a">Thüringen</subfield>
    <subfield code="D">g</subfield>
    <subfield code="0">(DE-588)4059979-6</subfield>
    <subfield code="0">https://portal.dnb.de/opac.htm?method=simpleSearch&amp;cqlMode=true&amp;query=idn=040599795</subfield>
    <subfield code="0">http://viaf.org/viaf/sourceID/DNB|040599795</subfield>
    <subfield code="B">GND-040599795</subfield>
  </datafield>
  <datafield tag="689" ind1="1" ind2="1">
    <subfield code="a">Geschichte</subfield>
    <subfield code="A">z</subfield>
  </datafield>
  <datafield tag="700" ind1="1" ind2=" ">
    <subfield code="a">Moczarski, Norbert</subfield>
    <subfield code="d">1953-</subfield>
    <subfield code="0">(DE-588)136529348</subfield>
    <subfield code="4">edt</subfield>
    <subfield code="0">https://portal.dnb.de/opac.htm?method=simpleSearch&amp;cqlMode=true&amp;query=idn=136529348</subfield>
    <subfield code="0">http://viaf.org/viaf/sourceID/DNB|136529348</subfield>
    <subfield code="B">GND-136529348</subfield>
  </datafield>
  <datafield tag="700" ind1="1" ind2=" ">
    <subfield code="a">Mötsch, Johannes</subfield>
    <subfield code="d">1949-</subfield>
    <subfield code="0">(DE-588)12174793X</subfield>
    <subfield code="4">hnr</subfield>
    <subfield code="0">https://portal.dnb.de/opac.htm?method=simpleSearch&amp;cqlMode=true&amp;query=idn=12174793X</subfield>
    <subfield code="0">http://viaf.org/viaf/sourceID/DNB|12174793X</subfield>
    <subfield code="B">GND-12174793X</subfield>
  </datafield>
  <datafield tag="856" ind1="4" ind2="2">
    <subfield code="m">X:MVB</subfield>
    <subfield code="q">text/html</subfield>
    <subfield code="u">http://deposit.d-nb.de/cgi-bin/dokserv?id=4685554&amp;prov=M&amp;dok_var=1&amp;dok_ext=htm</subfield>
    <subfield code="3">Inhaltstext</subfield>
  </datafield>
  <datafield tag="856" ind1="4" ind2="2">
    <subfield code="m">B:DE-101</subfield>
    <subfield code="q">application/pdf</subfield>
    <subfield code="u">http://digitale-objekte.hbz-nrw.de/storage2/2014/11/09/file_16/5852707.pdf</subfield>
    <subfield code="3">Inhaltsverzeichnis</subfield>
    <subfield code="9">O:PKN</subfield>
  </datafield>
  <datafield tag="960" ind1="1" ind2=" ">
    <subfield code="n">NWBib-6</subfield>
  </datafield>
  <datafield tag="964" ind1="0" ind2="s">
    <subfield code="F">030</subfield>
    <subfield code="A">a||da||||||37</subfield>
  </datafield>
  <datafield tag="964" ind1="0" ind2="s">
    <subfield code="F">050</subfield>
    <subfield code="A">a|a|||||||||||</subfield>
  </datafield>
  <datafield tag="964" ind1="0" ind2="s">
    <subfield code="F">051</subfield>
    <subfield code="A">mf||||||</subfield>
  </datafield>
  <datafield tag="035" ind1=" " ind2=" ">
    <subfield code="a">(OCoLC)881390203</subfield>
  </datafield>
  <datafield tag="035" ind1=" " ind2=" ">
    <subfield code="a">(DE-599)HBZHT018295975</subfield>
  </datafield>
  <datafield tag="MBD" ind1=" " ind2=" ">
    <subfield code="M">49HBZ_NETWORK</subfield>
    <subfield code="i">990204246530206441</subfield>
    <subfield code="n">HBZ Network</subfield>
  </datafield>
  <datafield tag="MBD" ind1=" " ind2=" ">
    <subfield code="M">49HBZ_BRIDGE_LBZ</subfield>
    <subfield code="i">99140728007506</subfield>
    <subfield code="n">Rheinische Landesbibliothek Koblenz</subfield>
  </datafield>
  <datafield tag="MBD" ind1=" " ind2=" ">
    <subfield code="M">49HBZ_ULB</subfield>
    <subfield code="i">991023485819706467</subfield>
    <subfield code="n">Universitaet Bonn</subfield>
  </datafield>
  <datafield tag="MBD" ind1=" " ind2=" ">
    <subfield code="M">49HBZ_ULM</subfield>
    <subfield code="i">991010369419706449</subfield>
    <subfield code="n">Universität Münster</subfield>
  </datafield>
  <datafield tag="MNG" ind1=" " ind2=" ">
    <subfield code="c">System</subfield>
    <subfield code="f">ILS</subfield>
    <subfield code="i">marc21</subfield>
    <subfield code="k">01</subfield>
    <subfield code="e">false</subfield>
    <subfield code="d">2023-03-26 21:32:50 Europe/Berlin</subfield>
    <subfield code="g">020424653-HBZ01</subfield>
    <subfield code="j">60</subfield>
    <subfield code="a">import</subfield>
    <subfield code="b">2021-04-05 20:54:23 Europe/Berlin</subfield>
  </datafield>
  <datafield tag="H52" ind1="0" ind2=" ">
    <subfield code="b">R0001</subfield>
    <subfield code="c">00000000</subfield>
    <subfield code="h">2014/3450</subfield>
    <subfield code="8">2258041190007506</subfield>
  </datafield>
  <datafield tag="HOL" ind1=" " ind2=" ">
    <subfield code="d">2023-02-20 21:26:47</subfield>
    <subfield code="8">2258041190007506</subfield>
    <subfield code="b">2023-02-20 21:26:47</subfield>
    <subfield code="M">49HBZ_BRIDGE_LBZ</subfield>
    <subfield code="g">false</subfield>
    <subfield code="a">System</subfield>
    <subfield code="c">System</subfield>
  </datafield>
  <datafield tag="ITM" ind1=" " ind2=" ">
    <subfield code="H">2258041190007506</subfield>
    <subfield code="x">00000000</subfield>
    <subfield code="f">BOOK</subfield>
    <subfield code="v">00000000</subfield>
    <subfield code="p">02</subfield>
    <subfield code="X">System</subfield>
    <subfield code="Y">2014-09-18 02:00:00 Europe/Berlin</subfield>
    <subfield code="n">2014/3450</subfield>
    <subfield code="M">49HBZ_BRIDGE_LBZ</subfield>
    <subfield code="s">1</subfield>
    <subfield code="d">0</subfield>
    <subfield code="V">System</subfield>
    <subfield code="b">04690647</subfield>
    <subfield code="a">2358041170007506</subfield>
    <subfield code="c">2014/3450</subfield>
    <subfield code="W">2023-02-20 22:26:47 Europe/Berlin</subfield>
    <subfield code="u">R0001</subfield>
    <subfield code="w">R0001</subfield>
  </datafield>
  <datafield tag="H52" ind1="#" ind2=" ">
    <subfield code="b">GL</subfield>
    <subfield code="c">GL-Frei</subfield>
    <subfield code="h">C 60/145/10</subfield>
    <subfield code="8">22292096450006467</subfield>
  </datafield>
  <datafield tag="HOL" ind1=" " ind2=" ">
    <subfield code="b">2023-07-24 10:45:47</subfield>
    <subfield code="8">22292096450006467</subfield>
    <subfield code="M">49HBZ_ULB</subfield>
    <subfield code="g">false</subfield>
    <subfield code="a">import</subfield>
  </datafield>
  <datafield tag="ITM" ind1=" " ind2=" ">
    <subfield code="H">22292096450006467</subfield>
    <subfield code="x">GL-Frei</subfield>
    <subfield code="f">BOOK</subfield>
    <subfield code="v">GL-Frei</subfield>
    <subfield code="X">AMO_TL2_FIX</subfield>
    <subfield code="U">2023-07-23 12:59:00 Europe/Berlin</subfield>
    <subfield code="Y">2023-07-25 08:01:39 Europe/Berlin</subfield>
    <subfield code="h">false</subfield>
    <subfield code="n">C 60/145/10</subfield>
    <subfield code="G">1</subfield>
    <subfield code="M">49HBZ_ULB</subfield>
    <subfield code="s">1</subfield>
    <subfield code="d">#</subfield>
    <subfield code="V">import</subfield>
    <subfield code="L">71709.2014</subfield>
    <subfield code="b">GL-202825</subfield>
    <subfield code="O">SISIS-Ausleihzähler Migrationsjahr: 0 | SISIS-Ausleihzähler Vor-Migrationsjahr: 0 | SISIS-Ausleihzähler vorletztes Migrationsjahr: 0 | SISIS-Vormerkzähler Migrationsjahr: 0 | SISIS-Buchdaten-Aufnahmedatum: 2014-09-23</subfield>
    <subfield code="N">SISIS-ULBSystematik: 0 | SISIS-Magazindrucker: 0 | SISIS-Fernleihkonditionen: 3 | SISIS-Medientyp: 0 | Sigel: 5/39 | SISIS-Entleihbarkeit: X | SISIS-Zweigstelle: 54</subfield>
    <subfield code="a">23292096440006467</subfield>
    <subfield code="c">C 60/145/10</subfield>
    <subfield code="W">2023-07-24 12:45:47 Europe/Berlin</subfield>
    <subfield code="u">GL</subfield>
    <subfield code="w">GL</subfield>
  </datafield>
  <datafield tag="H52" ind1="8" ind2=" ">
    <subfield code="b">ZB</subfield>
    <subfield code="c">ZB_FHM1</subfield>
    <subfield code="h">3K 51779</subfield>
    <subfield code="8">22593081440006449</subfield>
  </datafield>
  <datafield tag="HOL" ind1=" " ind2=" ">
    <subfield code="b">2022-07-11 12:47:31</subfield>
    <subfield code="8">22593081440006449</subfield>
    <subfield code="M">49HBZ_ULM</subfield>
    <subfield code="g">false</subfield>
    <subfield code="a">import</subfield>
  </datafield>
  <datafield tag="ITM" ind1=" " ind2=" ">
    <subfield code="H">22593081440006449</subfield>
    <subfield code="x">ZB_FHM1</subfield>
    <subfield code="f">BOOK</subfield>
    <subfield code="v">ZB_FHM1</subfield>
    <subfield code="X">AMO_TL2_FIX</subfield>
    <subfield code="U">2022-07-10 12:59:00 Europe/Berlin</subfield>
    <subfield code="Y">2022-07-12 13:10:54 Europe/Berlin</subfield>
    <subfield code="h">false</subfield>
    <subfield code="Q">SISIS-Ausleihzähler Migrationsjahr: 0 | SISIS-Ausleihzähler Vor-Migrationsjahr: 1 | SISIS-Ausleihzähler vorletztes Migrationsjahr: 0</subfield>
    <subfield code="M">49HBZ_ULM</subfield>
    <subfield code="s">1</subfield>
    <subfield code="d">8</subfield>
    <subfield code="V">import</subfield>
    <subfield code="b">6-00342474-8</subfield>
    <subfield code="O">Fernleihkonditionen: 0</subfield>
    <subfield code="a">23593081430006449</subfield>
    <subfield code="R">DBS-Systematik: 39</subfield>
    <subfield code="c">3K 51779</subfield>
    <subfield code="B">2014-5213</subfield>
    <subfield code="W">2022-07-11 14:47:31 Europe/Berlin</subfield>
    <subfield code="u">ZB</subfield>
    <subfield code="w">ZB</subfield>
  </datafield>
  <datafield tag="GSI" ind1="7" ind2=" ">
    <subfield code="a">4059979-6</subfield>
    <subfield code="0">http://d-nb.info/gnd/4059979-6</subfield>
    <subfield code="2">gnd</subfield>
    <subfield code="A">GND</subfield>
    <subfield code="B">GND-040599795</subfield>
    <subfield code="C">024</subfield>
  </datafield>
  <datafield tag="GSI" ind1="7" ind2=" ">
    <subfield code="a">2822542</subfield>
    <subfield code="2">geonames</subfield>
    <subfield code="A">GND</subfield>
    <subfield code="B">GND-040599795</subfield>
    <subfield code="C">024</subfield>
  </datafield>
  <datafield tag="GGN" ind1=" " ind2=" ">
    <subfield code="a">Freistaat Thüringen</subfield>
    <subfield code="A">GND</subfield>
    <subfield code="B">GND-040599795</subfield>
    <subfield code="C">451</subfield>
  </datafield>
  <datafield tag="GGN" ind1=" " ind2=" ">
    <subfield code="a">Land Thüringen</subfield>
    <subfield code="A">GND</subfield>
    <subfield code="B">GND-040599795</subfield>
    <subfield code="C">451</subfield>
  </datafield>
  <datafield tag="GGN" ind1=" " ind2=" ">
    <subfield code="a">Thuringia</subfield>
    <subfield code="A">GND</subfield>
    <subfield code="B">GND-040599795</subfield>
    <subfield code="C">451</subfield>
  </datafield>
  <datafield tag="GGN" ind1=" " ind2=" ">
    <subfield code="a">Thüringer Land</subfield>
    <subfield code="A">GND</subfield>
    <subfield code="B">GND-040599795</subfield>
    <subfield code="C">451</subfield>
  </datafield>
  <datafield tag="GGN" ind1=" " ind2=" ">
    <subfield code="a">Großthüringen</subfield>
    <subfield code="A">GND</subfield>
    <subfield code="B">GND-040599795</subfield>
    <subfield code="C">451</subfield>
  </datafield>
  <datafield tag="GGN" ind1=" " ind2=" ">
    <subfield code="a">Grossthüringen</subfield>
    <subfield code="A">GND</subfield>
    <subfield code="B">GND-040599795</subfield>
    <subfield code="C">451</subfield>
  </datafield>
  <datafield tag="GGN" ind1=" " ind2=" ">
    <subfield code="a">Großgemarkung Thüringen</subfield>
    <subfield code="A">GND</subfield>
    <subfield code="B">GND-040599795</subfield>
    <subfield code="C">451</subfield>
  </datafield>
  <datafield tag="GGN" ind1=" " ind2=" ">
    <subfield code="a">Vereinigte Thüringische Staaten</subfield>
    <subfield code="A">GND</subfield>
    <subfield code="B">GND-040599795</subfield>
    <subfield code="C">451</subfield>
  </datafield>
  <datafield tag="GSI" ind1="7" ind2=" ">
    <subfield code="a">http://d-nb.info/gnd/12174793X</subfield>
    <subfield code="2">uri</subfield>
    <subfield code="A">GND</subfield>
    <subfield code="B">GND-12174793X</subfield>
    <subfield code="C">024</subfield>
  </datafield>
  <datafield tag="GSI" ind1="7" ind2=" ">
    <subfield code="a">http://d-nb.info/gnd/12174793X</subfield>
    <subfield code="2">uri</subfield>
    <subfield code="A">GND</subfield>
    <subfield code="B">GND-12174793X</subfield>
    <subfield code="C">024</subfield>
  </datafield>
  <datafield tag="GSI" ind1="7" ind2=" ">
    <subfield code="a">136529348</subfield>
    <subfield code="0">http://d-nb.info/gnd/136529348</subfield>
    <subfield code="2">gnd</subfield>
    <subfield code="A">GND</subfield>
    <subfield code="B">GND-136529348</subfield>
    <subfield code="C">024</subfield>
  </datafield>
  <datafield tag="GSI" ind1="7" ind2=" ">
    <subfield code="a">0000 0000 3382 9617</subfield>
    <subfield code="2">isni</subfield>
    <subfield code="A">GND</subfield>
    <subfield code="B">GND-136529348</subfield>
    <subfield code="C">024</subfield>
  </datafield>
  <datafield tag="GSI" ind1="7" ind2=" ">
    <subfield code="a">n99263303</subfield>
    <subfield code="2">lccn</subfield>
    <subfield code="A">GND</subfield>
    <subfield code="B">GND-136529348</subfield>
    <subfield code="C">024</subfield>
  </datafield>
  <datafield tag="GSI" ind1="7" ind2=" ">
    <subfield code="a">54368383</subfield>
    <subfield code="2">viaf</subfield>
    <subfield code="A">GND</subfield>
    <subfield code="B">GND-136529348</subfield>
    <subfield code="C">024</subfield>
  </datafield>
  <datafield tag="GSI" ind1="7" ind2=" ">
    <subfield code="a">Q81716620</subfield>
    <subfield code="2">wikidata</subfield>
    <subfield code="A">GND</subfield>
    <subfield code="B">GND-136529348</subfield>
    <subfield code="C">024</subfield>
  </datafield>
</record>
